@article{einstein,
    author = "Albert Einstein",
    title = "{Zur Elektrodynamik bewegter K{\"o}rper}. ({German})
    [{On} the electrodynamics of moving bodies]",
    journal = "Annalen der Physik",
    volume = "322",
    number = "10",
    pages = "891--921",
    year = "1905",
    DOI = "http://dx.doi.org/10.1002/andp.19053221004",
    keywords = "physics"
}
% ----------------
% Single Author Book
@book{schwabish2020elevate,
  title={Elevate the debate: A multilayered approach to communicating your research},
  author={Schwabish, Jonathan A},
  year={2020},
  publisher={John Wiley \& Sons}
}

% Multiple Author Book
@book{burman2020taxes,
    title = {Taxes in America: What Everyone Needs to Know},
    author = {Burman, Leonard E and Slemrod, Joel},
    year = {2020},
    publisher = {Oxford University Press},
    address = {New York},
    keywords = {taxes}
}

% Urban Institute Press book
@book{cordes2009nonprofits,
    title={Nonprofits \& business},
    author={Cordes, Joseph J and Steuerle, C Eugene},
    year={2009},
    publisher={The Urban Institute},
    address = {Washington, DC},
    keywords = {taxes}
}

% One volume in series
@book{bowen2021book,
    title = {Protecting Your Privacy in a Data-Driven World},
    author = {Claire McKay Bowen},
    series = {ASA-CRC Series on Statistical Reasoning in Science and Society},
    year = {2021},
    volume = {11},
    publisher = {Chapman and Hall/CRC},
    keywords = {privacy}
}

@inbook{knuth-fa,
    author = "Donald E. Knuth",
    title = "Fundamental Algorithms",
    publisher = "Addison-Wesley",
    year = "1973",
    chapter = "1.2",
    keywords  = "knuth,programming"
}

@online{knuthwebsite,
    author = "Donald Knuth",
    title = "Knuth: Computers and Typesetting",
    url  = "http://www-cs-faculty.stanford.edu/~uno/abcde.html",
    addendum = "(accessed: 01.09.2016)",
    keywords = "latex,knuth"
}